<?xml version="1.0" encoding="UTF-8"?>
<collection xmlns="info:lc/xmlns/marcxchange-v2">
  <record format="MARC21" type="Bibliographic">
    <leader>00000nam  22004334a 4500</leader>
    <controlfield tag="001">ocn137607921</controlfield>
    <controlfield tag="003">OCoLC</controlfield>
    <controlfield tag="005">20070605101501.0</controlfield>
    <controlfield tag="008">060223s2004    ye       b    000 0 ara  </controlfield>
    <datafield ind2=" " ind1=" " tag="010">
      <subfield code="a">  2005311567</subfield>
    </datafield>
    <datafield ind2=" " ind1=" " tag="040">
      <subfield code="a">DLC-R</subfield>
      <subfield code="c">NYP</subfield>
    </datafield>
    <datafield ind2=" " ind1=" " tag="066">
      <subfield code="c">(3</subfield>
    </datafield>
    <datafield ind2=" " ind1=" " tag="035">
      <subfield code="a">(OCoLC)137607921</subfield>
    </datafield>
    <datafield ind2=" " ind1=" " tag="035">
      <subfield code="a">(CStRLIN)NYPN06-B180</subfield>
    </datafield>
    <datafield ind2=" " ind1=" " tag="042">
      <subfield code="a">lcode</subfield>
      <subfield code="a">pcc</subfield>
    </datafield>
    <datafield ind2=" " ind1=" " tag="043">
      <subfield code="a">ma-----</subfield>
    </datafield>
    <datafield ind2="0" ind1="0" tag="050">
      <subfield code="a">PJ7538</subfield>
      <subfield code="b">.L57 2004</subfield>
    </datafield>
    <datafield ind2=" " ind1=" " tag="079">
      <subfield code="a">ocm60522147</subfield>
    </datafield>
    <datafield ind2=" " ind1=" " tag="090">
      <subfield code="a">*OEM 06-1987</subfield>
    </datafield>
    <datafield ind2=" " ind1=" " tag="049">
      <subfield code="a">OCLC</subfield>
    </datafield>
    <datafield ind2="0" ind1="0" tag="245">
      <subfield code="6">880-01</subfield>
      <subfield code="a">Liqāʼāt wa-shahādāt adabīyah /</subfield>
      <subfield code="c">Najīb Maḥfūẓ ... [et al.] ; ajrá al-liqāʼāt Ḥasan ʻAlī Mijallī.</subfield>
    </datafield>
    <datafield ind2=" " ind1=" " tag="250">
      <subfield code="6">880-02</subfield>
      <subfield code="a">al-Ṭabʻah 1.</subfield>
    </datafield>
    <datafield ind2=" " ind1=" " tag="260">
      <subfield code="6">880-03</subfield>
      <subfield code="a">Ṣanʻāʼ :</subfield>
      <subfield code="b">Markaz ʻAbbādī lil-Dirāsāt wa-al-Nashr,</subfield>
      <subfield code="c">2004.</subfield>
    </datafield>
    <datafield ind2=" " ind1=" " tag="300">
      <subfield code="a">153 p. ;</subfield>
      <subfield code="c">23 cm.</subfield>
    </datafield>
    <datafield ind2="0" ind1=" " tag="440">
      <subfield code="6">880-04</subfield>
      <subfield code="a">Maktabat al-dirāsāt al-fikrīyah wa-al-naqdīyah</subfield>
    </datafield>
    <datafield ind2=" " ind1=" " tag="504">
      <subfield code="a">Includes bibliographical references.</subfield>
    </datafield>
    <datafield ind2=" " ind1=" " tag="546">
      <subfield code="a">In Arabic.</subfield>
    </datafield>
    <datafield ind2="0" ind1=" " tag="650">
      <subfield code="a">Arabic literature</subfield>
      <subfield code="y">20th century</subfield>
      <subfield code="v">History and criticism.</subfield>
    </datafield>
    <datafield ind2="0" ind1=" " tag="650">
      <subfield code="a">Authors, Arab</subfield>
      <subfield code="y">20th century</subfield>
      <subfield code="v">Interviews.</subfield>
    </datafield>
    <datafield ind2="0" ind1=" " tag="650">
      <subfield code="a">Intellectuals</subfield>
      <subfield code="z">Arab countries</subfield>
      <subfield code="v">Interviews.</subfield>
    </datafield>
    <datafield ind2=" " ind1="1" tag="700">
      <subfield code="a">Maḥfūẓ, Najīb,</subfield>
      <subfield code="d">1911-</subfield>
    </datafield>
    <datafield ind2=" " ind1="1" tag="700">
      <subfield code="a">Mijallī, Ḥasan ʻAlī.</subfield>
    </datafield>
    <datafield ind2=" " ind1="8" tag="852">
      <subfield code="a">New York Public Library</subfield>
      <subfield code="b">ho</subfield>
      <subfield code="h">*OEM 06-1987</subfield>
      <subfield code="x">OID=AME;CIN=GYG</subfield>
    </datafield>
    <datafield ind2="0" ind1="0" tag="880">
      <subfield code="6">245-01/(3/r</subfield>
      <subfield code="a">&amp;#x200F;لقاءات وشهادات أدبية /&amp;#x200F;</subfield>
      <subfield code="c">&amp;#x200F;نجيب محفوظ ... [et al.] ؛ أجرى اللقاءات حسن علي مجلي.</subfield>
    </datafield>
    <datafield ind2=" " ind1=" " tag="880">
      <subfield code="6">250-02/(3/r</subfield>
      <subfield code="a">&amp;#x200F;الطبعة 1.</subfield>
    </datafield>
    <datafield ind2=" " ind1=" " tag="880">
      <subfield code="6">260-03/(3/r</subfield>
      <subfield code="a">&amp;#x200F;صنعاء :&amp;#x200F;</subfield>
      <subfield code="c">&amp;#x200F;2004.</subfield>
    </datafield>
    <datafield ind2="0" ind1=" " tag="880">
      <subfield code="6">440-04/(3/r</subfield>
    </datafield>
    <datafield ind2="1" ind1=" " tag="901">
      <subfield code="a">*OEM 06-1987</subfield>
      <subfield code="i">33433069567414</subfield>
      <subfield code="l">ho</subfield>
      <subfield code="s">-</subfield>
      <subfield code="t">002</subfield>
    </datafield>
    <datafield ind2=" " ind1=" " tag="994">
      <subfield code="a">C0</subfield>
      <subfield code="b">OCL</subfield>
    </datafield>
  </record>