
  <record format="MARC21" type="Bibliographic">
    <leader>00000cas  2200589 a 4500</leader>
    <controlfield tag="001">ocn124081299</controlfield>
    <controlfield tag="003">OCoLC</controlfield>
    <controlfield tag="005">20070605101501.0</controlfield>
    <controlfield tag="008">970414c19789999iluqr p  g    0   a0eng d</controlfield>
    <datafield ind2=" " ind1=" " tag="010">
      <subfield code="a">   86641268 </subfield>
      <subfield code="z">sn 84012219 </subfield>
    </datafield>
    <datafield ind2=" " ind1=" " tag="040">
      <subfield code="a">ICD-L</subfield>
      <subfield code="c">FC0</subfield>
    </datafield>
    <datafield ind2=" " ind1="0" tag="022">
      <subfield code="a">0897-1277</subfield>
      <subfield code="y">0022-6793</subfield>
    </datafield>
    <datafield ind2=" " ind1=" " tag="032">
      <subfield code="a">399610</subfield>
      <subfield code="b">USPS</subfield>
    </datafield>
    <datafield ind2=" " ind1=" " tag="035">
      <subfield code="a">(OCoLC)124081299</subfield>
    </datafield>
    <datafield ind2=" " ind1=" " tag="035">
      <subfield code="a">(CStRLIN)NYHL97-S162</subfield>
    </datafield>
    <datafield ind2=" " ind1=" " tag="042">
      <subfield code="a">lc</subfield>
      <subfield code="a">nsdp</subfield>
    </datafield>
    <datafield ind2=" " ind1=" " tag="043">
      <subfield code="a">n-us---</subfield>
    </datafield>
    <datafield ind2=" " ind1="0" tag="050">
      <subfield code="a">K10</subfield>
      <subfield code="b">.U67</subfield>
    </datafield>
    <datafield ind2=" " ind1=" " tag="079">
      <subfield code="a">ocm05266384</subfield>
    </datafield>
    <datafield ind2=" " ind1="0" tag="082">
      <subfield code="a">344/.095/05</subfield>
    </datafield>
    <datafield ind2=" " ind1=" " tag="082">
      <subfield code="a">342.49505</subfield>
      <subfield code="2">19</subfield>
    </datafield>
    <datafield ind2=" " ind1=" " tag="049">
      <subfield code="a">OCLC</subfield>
    </datafield>
    <datafield ind2=" " ind1="0" tag="210">
      <subfield code="a">Jurimetrics</subfield>
      <subfield code="b">(Chic. Ill.)</subfield>
    </datafield>
    <datafield ind2="0" ind1=" " tag="222">
      <subfield code="a">Jurimetrics</subfield>
      <subfield code="b">(Chicago, Ill.)</subfield>
    </datafield>
    <datafield ind2="0" ind1="0" tag="245">
      <subfield code="a">Jurimetrics.</subfield>
    </datafield>
    <datafield ind2="3" ind1="1" tag="246">
      <subfield code="a">Jurimetrics journal of law, science and technology</subfield>
      <subfield code="f">&lt;fall 1991-&gt;</subfield>
    </datafield>
    <datafield ind2="3" ind1="1" tag="246">
      <subfield code="a">Jurimetrics journal</subfield>
      <subfield code="f">1978-</subfield>
    </datafield>
    <datafield ind2=" " ind1=" " tag="260">
      <subfield code="a">Chicago, Ill. :</subfield>
      <subfield code="b">Section of Science &amp; Technology, American Bar Association,</subfield>
      <subfield code="c">c1979-</subfield>
    </datafield>
    <datafield ind2=" " ind1=" " tag="300">
      <subfield code="a">v. :</subfield>
      <subfield code="b">ill. ;</subfield>
      <subfield code="c">23 cm.</subfield>
    </datafield>
    <datafield ind2=" " ind1=" " tag="310">
      <subfield code="a">Quarterly</subfield>
    </datafield>
    <datafield ind2=" " ind1="0" tag="362">
      <subfield code="a">Vol. 19, no. 2 (winter 1978)-</subfield>
    </datafield>
    <datafield ind2=" " ind1=" " tag="500">
      <subfield code="a">Title from cover.</subfield>
    </datafield>
    <datafield ind2=" " ind1=" " tag="500">
      <subfield code="a">"Journal of law, science and technology."</subfield>
    </datafield>
    <datafield ind2=" " ind1="1" tag="510">
      <subfield code="a">Index to legal periodicals</subfield>
      <subfield code="x">0019-4077</subfield>
    </datafield>
    <datafield ind2=" " ind1="1" tag="510">
      <subfield code="a">Legal resource index</subfield>
      <subfield code="b">1980-</subfield>
    </datafield>
    <datafield ind2=" " ind1="2" tag="510">
      <subfield code="a">Computer &amp; control abstracts</subfield>
      <subfield code="x">0036-8113</subfield>
      <subfield code="b">winter 1978-</subfield>
    </datafield>
    <datafield ind2=" " ind1="2" tag="510">
      <subfield code="a">Electrical &amp; electronics abstracts</subfield>
      <subfield code="x">0036-8105</subfield>
      <subfield code="b">winter 1978-</subfield>
    </datafield>
    <datafield ind2=" " ind1="2" tag="510">
      <subfield code="a">Physics abstracts</subfield>
      <subfield code="x">0036-8091</subfield>
      <subfield code="b">winter 1978-</subfield>
    </datafield>
    <datafield ind2=" " ind1=" " tag="515">
      <subfield code="a">Special issue for 1979 called also v. 19, no. 5.</subfield>
    </datafield>
    <datafield ind2=" " ind1=" " tag="525">
      <subfield code="a">Special issue 1979 contains proceedings of the Section's annual meeting.</subfield>
    </datafield>
    <datafield ind2=" " ind1=" " tag="550">
      <subfield code="a">Vols. for spring 1985-winter 1986 issued by: American Bar Association Section of Science and Technology and the Arizona State University College of Law; spring 1986-&lt;fall 1987&gt; by the American Bar Association Section of Science and Technology, and the Center for the Study of Law, Science, and Technology of the Arizona State University College of Law.</subfield>
    </datafield>
    <datafield ind2="0" ind1=" " tag="650">
      <subfield code="a">Science and law</subfield>
      <subfield code="z">United States</subfield>
      <subfield code="x">Periodicals.</subfield>
    </datafield>
    <datafield ind2="0" ind1=" " tag="650">
      <subfield code="a">Technology and law</subfield>
      <subfield code="z">United States</subfield>
      <subfield code="x">Periodicals.</subfield>
    </datafield>
    <datafield ind2="0" ind1=" " tag="650">
      <subfield code="a">Judicial process</subfield>
      <subfield code="z">United States</subfield>
      <subfield code="x">Periodicals.</subfield>
    </datafield>
    <datafield ind2="0" ind1=" " tag="650">
      <subfield code="a">Legal research</subfield>
      <subfield code="x">Data processing</subfield>
      <subfield code="z">United States</subfield>
      <subfield code="x">Periodicals.</subfield>
    </datafield>
    <datafield ind2="0" ind1=" " tag="650">
      <subfield code="a">Information storage and retrieval systems</subfield>
      <subfield code="x">Law</subfield>
      <subfield code="z">United States</subfield>
      <subfield code="x">Periodicals.</subfield>
    </datafield>
    <datafield ind2=" " ind1="2" tag="710">
      <subfield code="a">American Bar Association.</subfield>
      <subfield code="b">Section of Science and Technology.</subfield>
    </datafield>
    <datafield ind2=" " ind1="2" tag="710">
      <subfield code="a">Arizona State University.</subfield>
      <subfield code="b">College of Law.</subfield>
    </datafield>
    <datafield ind2=" " ind1="2" tag="710">
      <subfield code="a">Arizona State University.</subfield>
      <subfield code="b">Center for the Study of Law, Science, and Technology.</subfield>
    </datafield>
    <datafield ind2="0" ind1="0" tag="780">
      <subfield code="t">Jurimetrics journal</subfield>
      <subfield code="x">0022-6793</subfield>
      <subfield code="w">(DLC)   92657369</subfield>
      <subfield code="w">(OCoLC)1754902</subfield>
    </datafield>
    <datafield ind2=" " ind1=" " tag="852">
      <subfield code="a">NNHHR</subfield>
      <subfield code="b">MAIN</subfield>
      <subfield code="j">\PER</subfield>
      <subfield code="t">1</subfield>
      <subfield code="x">OID=CCS</subfield>
    </datafield>
    <datafield ind2=" " ind1=" " tag="994">
      <subfield code="a">C0</subfield>
      <subfield code="b">OCL</subfield>
    </datafield>
  </record>